,"Type","Date","Num","Name","Memo","Clr","Split","Amount","Balance"
"CHASE",,,,,,,,,""
,"Check","12/17/2014",,"FRANCHISE TAX BOARD","2014 chase chk #444","X","LLC Tax",-800.00,-800.00
,"Deposit","12/30/2014",,"GoldenWest Management, Inc","1828 BRIGHT LEAF 2014","X","Rental Income",12540.00,11740.00
,"Check","12/30/2014",,"GoldenWest Management, Inc","BRIGHT LEAF 2014","X","Management Fees",-900.00,10840.00
,"Check","12/30/2014",,"State Farm Fire and Casualty Company","BRIGHT LEAF 2014","X","Insurance Expense",-532.00,10308.00
,"Check","12/30/2014",,"ELDORADO THIRD CA","BRIGHT LEAF 2014","X","Community Association Fee",-192.00,10116.00
,"Check","12/30/2014",,,"BRIGHT LEAF 2014","X","Repairs and Maintenance",-405.00,9711.00
,"Check","12/30/2014",,"Clark County Treasures","BRIGHT LEAF 2014","X","Property Tax",-1161.35,8549.65
,"Deposit","12/31/2014",,"GoldenWest Management, Inc","FORT PIKE 2014","X","Rental Income",14600.00,23149.65
,"Check","12/31/2014",,"MOUNTAINS EDGE MASTER ASSOCIATION","FORT PIKE","X","Community Association Fee",-714.00,22435.65
,"Check","12/31/2014",,"State Farm Fire and Casualty Company","FORT PIKE","X","Insurance Expense",-690.00,21745.65
,"Check","12/31/2014",,"GoldenWest Management, Inc","FORT PIKE","X","Management Fees",-1000.00,20745.65
,"Check","12/31/2014",,"Clark County Treasures","FORT PIKE 1899.86+5334.22 SID","X","Property Tax",-7234.08,13511.57
,"Check","12/31/2014",,,,"X","Utilities",-392.54,13119.03
,"Check","12/31/2014",,,,"X","Repairs and Maintenance",-665.00,12454.03
,"Check","12/31/2014",,,"Referral Fee","X","Professional Fees",-400.00,12054.03
,"Check","12/31/2014",,,,"X","Office Supplies",-1740.00,10314.03
,"Check","12/31/2014",,,,"X","Travel Expense",-2350.00,7964.03
,"Check","12/31/2014",,,,"X","Automobile Expense",-2857.00,5107.03
,"Deposit","01/01/2015",,"GoldenWest Management, Inc","1/2015 Bright Leaf","X","Rental Income",1050.00,6157.03
,"Check","01/01/2015",,"GoldenWest Management, Inc","1/2015 Bright Leaf","X","Management Fees",-75.00,6082.03
,"Deposit","01/01/2015",,"GoldenWest Management, Inc","1/2015 Fort Pike","X","Rental Income",1550.00,7632.03
,"Check","01/01/2015",,"GoldenWest Management, Inc","1/2015 Fort Pike","X","Management Fees",-100.00,7532.03
,"Check","01/05/2015",,"State Farm Fire and Casualty Company","1828 Bright Leaf 1/28/2015 to 1/28/2016","X","Insurance Expense",-536.00,6996.03
,"Check","01/05/2015",,"State Farm Fire and Casualty Company","10001 Fort Pike 2/11/2015 to 2/11/2016","X","Insurance Expense",-669.00,6327.03
,"Check","01/19/2015",,"Clark County Water Reclamation","1,2,3,4,5,6/2015 gilf visa","X","Utilities",-118.54,6208.49
,"Check","02/06/2015",,"GoldenWest Management, Inc","2/2015 Fort Pike","X","Management Fees",-100.00,6108.49
,"Deposit","02/06/2015",,"GoldenWest Management, Inc","2/2015 Fort Pike","X","Rental Income",1550.00,7658.49
,"Check","02/08/2015",,"ELDORADO THIRD CA","Bright Leaf 1,2,3/2015 BOA check","X","Community Association Fee",-64.00,7594.49
,"Check","02/10/2015",,"GoldenWest Management, Inc","2/2015 Bright Leaf","X","Management Fees",-75.00,7519.49
,"Deposit","02/10/2015",,"GoldenWest Management, Inc","2/2015 Bright Leaf","X","Rental Income",1050.00,8569.49
,"Check","03/02/2015",,"ELDORADO THIRD CA","3/2015 BOA check","X","Community Association Fee",-64.00,8505.49
,"Check","03/02/2015",,"GoldenWest Management, Inc","3/2015 Bright Leaf","X","Management Fees",-75.00,8430.49
,"Deposit","03/02/2015",,"GoldenWest Management, Inc","3/2015 Bright Leaf","X","Rental Income",1050.00,9480.49
,"Check","03/04/2015",,"GoldenWest Management, Inc","3/2015 Fort Pike","X","Management Fees",-100.00,9380.49
,"Deposit","03/04/2015",,"GoldenWest Management, Inc","3/2015 Fort Pike","X","Rental Income",1550.00,10930.49
,"Check","03/04/2015",,"MERIDIAN PROPERTY SERVICES","Fort Pike trim 2 trees","X","Repairs and Maintenance",-360.00,10570.49
,"Check","03/31/2015",,"FRANCHISE TAX BOARD","2015 paid boa chk# 1445","X","LLC Tax",-800.00,9770.49
,"Check","03/31/2015",,"MOUNTAINS EDGE MASTER ASSOCIATION","3/2015","X","Community Association Fee",-192.00,9578.49
,"Deposit","04/02/2015",,"GoldenWest Management, Inc","4/2015 Fort Pike","X","Rental Income",1705.00,11283.49
,"Check","04/02/2015",,"GoldenWest Management, Inc","4/2015 Fort Pike","X","Management Fees",-100.00,11183.49
,"Check","04/02/2015",,"Cortis Property service","sliding glass door","X","Repairs and Maintenance",-225.00,10958.49
,"Check","04/04/2015",,"GoldenWest Management, Inc","4/2015 Bright Leaf","X","Management Fees",-75.00,10883.49
,"Deposit","04/04/2015",,"GoldenWest Management, Inc","4/2015 Bright Leaf","X","Rental Income",1050.00,11933.49
,"Deposit","05/12/2015",,"GoldenWest Management, Inc","5/2015 Bright leaf","X","Rental Income",1075.00,13008.49
,"Check","05/12/2015",,"GoldenWest Management, Inc","5/2015 Bright Leaf","X","Management Fees",-75.00,12933.49
,"Deposit","05/12/2015",,"GoldenWest Management, Inc","5/2015 Fort Pike","X","Rental Income",1705.00,14638.49
,"Check","05/12/2015",,"GoldenWest Management, Inc","5/2015 Fort Pike","X","Management Fees",-115.00,14523.49
,"Check","05/19/2015",,"FRANCHISE TAX BOARD","UNDERPAYMENT PENALTY paid boa chk #1501","X","LLC Tax",-58.18,14465.31
,"Check","06/02/2015",,"ELDORADO THIRD CA","6/2015 BOA chk#1502","X","Community Association Fee",-64.00,14401.31
,"Check","06/02/2015",,"MOUNTAINS EDGE MASTER ASSOCIATION","6/2015 ATY chk#1081","X","Community Association Fee",-192.00,14209.31
,"Check","06/10/2015",,"GoldenWest Management, Inc","6/2015 Fort Pike","X","Management Fees",-115.00,14094.31
,"Deposit","06/10/2015",,"GoldenWest Management, Inc","6/2015 Fort Pike","X","Rental Income",1550.00,15644.31
,"Check","06/10/2015",,"GoldenWest Management, Inc","6/2015 Bight Leaf","X","Management Fees",-85.00,15559.31
,"Deposit","06/10/2015",,"GoldenWest Management, Inc","6/2015 Bight Leaf","X","Rental Income",1075.00,16634.31
,"Check","07/03/2015",,"GoldenWest Management, Inc","7/2015 fort pike","X","Management Fees",-115.00,16519.31
,"Deposit","07/03/2015",,"GoldenWest Management, Inc","7/2015 bright leaf","X","Rental Income",1075.00,17594.31
,"Deposit","07/03/2015",,"GoldenWest Management, Inc","7/2015 fort pike","X","Rental Income",1550.00,19144.31
,"Check","07/03/2015",,"GoldenWest Management, Inc","7/2015 bright leaf","X","Management Fees",-85.00,19059.31
,"Check","07/03/2015",,"Cortis Property service","bright leaf $195-60=135","X","Repairs and Maintenance",-195.00,18864.31
,"Check","07/10/2015",,"Clark County Water Reclamation","from 7/2015 to 7/2016 paid aty southwest credit card","X","Utilities",-225.09,18639.22
,"Check","07/23/2015",,"Clark County Treasures","bright leaf 7/2015 to 6/2016","X","Property Tax",-1198.69,17440.53
,"Check","07/23/2015",,"Clark County Treasures","fort pike 7/2015 to 6/2016","X","Property Tax",-1960.73,15479.80
,"Check","08/04/2015",,"GoldenWest Management, Inc","bright leaf 8/2015","X","Management Fees",-85.00,15394.80
,"Deposit","08/04/2015",,"GoldenWest Management, Inc","fort pike 8/2015","X","Rental Income",1550.00,16944.80
,"Deposit","08/04/2015",,"GoldenWest Management, Inc","bright leaf 8/2015","X","Rental Income",1075.00,18019.80
,"Check","08/04/2015",,"GoldenWest Management, Inc","fort pike 8/2015","X","Management Fees",-115.00,17904.80
,"Check","09/01/2015",,"THAI BINH FINANCIAL SERVICE","2014 TAX ATY PAID CH #1093","X","Professional Fees",-210.00,17694.80
,"Deposit","09/01/2015",,"GoldenWest Management, Inc","fort pike 9/2015","X","Rental Income",1550.00,19244.80
,"Check","09/01/2015",,"GoldenWest Management, Inc","fort pike 9/2015","X","Management Fees",-115.00,19129.80
,"Deposit","09/01/2015",,"GoldenWest Management, Inc","bright leaf 9/2015","X","Rental Income",1075.00,20204.80
,"Check","09/01/2015",,"GoldenWest Management, Inc","bright leaf 9/2015","X","Management Fees",-85.00,20119.80
,"Check","09/17/2015",,"ELDORADO THIRD CA","9/2015","X","Community Association Fee",-64.00,20055.80
,"Check","09/17/2015",,"MOUNTAINS EDGE MASTER ASSOCIATION","9/2015 aty paid","X","Community Association Fee",-192.00,19863.80
,"Deposit","10/07/2015",,"GoldenWest Management, Inc","bright leat 10/2015 1075+60","X","Rental Income",1075.00,20938.80
,"Check","10/07/2015",,"GoldenWest Management, Inc","bright leaf 10/2015","X","Management Fees",-85.00,20853.80
,"Check","10/07/2015",,"Cortis Property service","bright leaf","X","Repairs and Maintenance",-237.00,20616.80
,"Deposit","10/07/2015",,"GoldenWest Management, Inc","fort pike 10/2015","X","Rental Income",1550.00,22166.80
,"Check","10/07/2015",,"GoldenWest Management, Inc","fort pike 10/2015","X","Management Fees",-115.00,22051.80
,"Deposit","11/10/2015",,"GoldenWest Management, Inc","fort pike 11/2015","X","Rental Income",1550.00,23601.80
,"Check","11/10/2015",,"GoldenWest Management, Inc","fort pike 11/2015","X","Management Fees",-115.00,23486.80
,"Deposit","11/10/2015",,"GoldenWest Management, Inc","bright leaf 11/2015","X","Rental Income",1075.00,24561.80
,"Check","11/10/2015",,"GoldenWest Management, Inc","bright leaf 11/2015","X","Management Fees",-85.00,24476.80
,"Check","12/07/2015",,"ELDORADO THIRD CA","12/2015 boa check","X","Community Association Fee",-63.00,24413.80
,"Deposit","12/08/2015",,"GoldenWest Management, Inc","fort pike 12/2015","X","Rental Income",1550.00,25963.80
,"Check","12/08/2015",,"GoldenWest Management, Inc","fort pike 12/2015","X","Management Fees",-115.00,25848.80
,"Deposit","12/08/2015",,"GoldenWest Management, Inc","bright leaf 12/2015","X","Rental Income",1075.00,26923.80
,"Check","12/08/2015",,"GoldenWest Management, Inc","bright leaf 12/2015","X","Management Fees",-85.00,26838.80
,"Check","12/20/2015",,"MOUNTAINS EDGE MASTER ASSOCIATION","12/2015 aty paid","X","Community Association Fee",-192.00,26646.80
,"Check","12/25/2015",,,"$2268.22","X","Automobile Expense",-2268.22,24378.58
,"Check","12/28/2015",,,"from 8000 (7500 to tri chase for school + 500 cash for yen)","X","Repairs and Maintenance",-6596.00,17782.58
,"Check","12/28/2015",,,"from 8000 (see about)","X","Office Supplies",-1404.00,16378.58
,"Check","12/31/2015",,,"add on","X","Automobile Expense",-1000.00,15378.58
,"Check","12/31/2015",,,"add on","X","Office Supplies",-2000.00,13378.58
,"Check","12/31/2015",,,"add on","X","Travel Expense",-1600.00,11778.58
,"General Journal","12/31/2015","2",,"Balance Adjustment","X","Reconciliation Discrepancies",60.00,11838.58
,"Check","01/05/2016",,"State Farm Fire and Casualty Company","bright leaf","X","Insurance Expense",-567.00,11271.58
,"Check","01/05/2016",,"State Farm Fire and Casualty Company","fort pike","X","Insurance Expense",-713.00,10558.58
,"Deposit","01/09/2016",,"GoldenWest Management, Inc","fort pike 1/2016","X","Rental Income",1550.00,12108.58
,"Deposit","01/09/2016",,"GoldenWest Management, Inc","bight leaf 1/2016","X","Rental Income",1075.00,13183.58
,"Check","01/09/2016",,"GoldenWest Management, Inc","1/2016","X","Management Fees",-85.00,13098.58
,"Check","01/09/2016",,"GoldenWest Management, Inc","1/2016","X","Management Fees",-115.00,12983.58
,"Deposit","02/01/2016",,"GoldenWest Management, Inc","bright leaf 2/2016","X","Rental Income",1075.00,14058.58
,"Check","02/04/2016",,"GoldenWest Management, Inc",,"X","Management Fees",-85.00,13973.58
,"Check","02/04/2016",,"GoldenWest Management, Inc","Axon Pest Control (BEE)","X","Repairs and Maintenance",-125.00,13848.58
,"Deposit","02/04/2016",,"GoldenWest Management, Inc","fort pike 2/2016 (1550+60)","X","Rental Income",1610.00,15458.58
,"Check","02/04/2016",,"GoldenWest Management, Inc",,"X","Management Fees",-115.00,15343.58
,"Check","02/04/2016",,"Cortis Property service","installed 2 new light","X","Repairs and Maintenance",-86.00,15257.58
,"Transfer","02/22/2016",,,"Funds Transfer 10000+5000","X","SAVING BBVA",-15000.00,257.58
,"Check","03/10/2016",,"ELDORADO THIRD CA","3/2016 boa checking","X","Community Association Fee",-63.00,194.58
,"Check","03/10/2016",,"GoldenWest Management, Inc",,"X","Management Fees",-85.00,109.58
,"Check","03/10/2016",,"GoldenWest Management, Inc",,"X","Management Fees",-115.00,-5.42
,"Deposit","03/10/2016",,"GoldenWest Management, Inc","3/2016","X","Rental Income",1075.00,1069.58
,"Deposit","03/10/2016",,"GoldenWest Management, Inc","3/2016","X","Rental Income",1550.00,2619.58
,"Check","03/24/2016",,"MOUNTAINS EDGE MASTER ASSOCIATION","3/2016 aty chk #1110","X","Community Association Fee",-192.00,2427.58
,"Deposit","04/07/2016",,"GoldenWest Management, Inc","4/2016","X","Rental Income",1075.00,3502.58
,"Deposit","04/07/2016",,"GoldenWest Management, Inc","4/2016","X","Rental Income",1550.00,5052.58
,"Check","04/07/2016",,"GoldenWest Management, Inc","4/2016","X","Management Fees",-85.00,4967.58
,"Check","04/07/2016",,"GoldenWest Management, Inc","4/2016","X","Management Fees",-115.00,4852.58
,"Check","04/07/2016",,"Cortis Property service","bright leaf (Dryer)","X","Repairs and Maintenance",-105.00,4747.58
,"Check","04/07/2016",,"AMERICAN HOME MECHANICAL LLC.","AIR CONDITION CHECK UP bright leaf","X","Repairs and Maintenance",-50.00,4697.58
,"Check","04/10/2016",,"FRANCHISE TAX BOARD","BOA CHK #1532","X","LLC Tax",-800.00,3897.58
,"Check","05/06/2016",,"GoldenWest Management, Inc",,"X","Management Fees",-85.00,3812.58
,"Deposit","05/06/2016",,"GoldenWest Management, Inc","5/2016","X","Rental Income",1095.00,4907.58
,"Deposit","05/06/2016",,"GoldenWest Management, Inc","5/2016","X","Rental Income",1550.00,6457.58
,"Check","05/06/2016",,"GoldenWest Management, Inc",,"X","Management Fees",-115.00,6342.58
,"Check","05/09/2016",,"Fortitude Professional Services","2015 tax","X","Professional Fees",-190.00,6152.58
,"Check","06/08/2016",,"GoldenWest Management, Inc","6/2016","X","Management Fees",-85.00,6067.58
,"Check","06/08/2016",,"GoldenWest Management, Inc","6/2016","X","Management Fees",-115.00,5952.58
,"Deposit","06/08/2016",,"GoldenWest Management, Inc","6/2016","X","Rental Income",1095.00,7047.58
,"Deposit","06/08/2016",,"GoldenWest Management, Inc","6/2016","X","Rental Income",1550.00,8597.58
,"Check","06/08/2016",,"AMERICAN HOME MECHANICAL LLC.","AIR CONDITION CHECK UP fort pike","X","Repairs and Maintenance",-160.00,8437.58
,"Check","06/14/2016",,"MOUNTAINS EDGE MASTER ASSOCIATION","7/2016 to 9/2016 boa chk #1543","X","Community Association Fee",-192.00,8245.58
,"Check","06/15/2016",,"ELDORADO THIRD CA","7/2016 boa chk #1542","X","Community Association Fee",-63.00,8182.58
,"Check","06/19/2016",,"Secretary of State","2016 Filing fee","X","Professional Fees",-20.00,8162.58
,"Check","06/30/2016",,"AMERICAN HOME MECHANICAL LLC.","10001 fort pike HVAC Service call","X","Repairs and Maintenance",-68.00,8094.58
,"Deposit","07/05/2016",,"GoldenWest Management, Inc","7/2016","X","Rental Income",1550.00,9644.58
,"Deposit","07/05/2016",,"GoldenWest Management, Inc","7/2016","X","Rental Income",1095.00,10739.58
,"Check","07/05/2016",,"GoldenWest Management, Inc","7/2016","X","Management Fees",-85.00,10654.58
,"Check","07/05/2016",,"GoldenWest Management, Inc","7/2016","X","Management Fees",-115.00,10539.58
,"Check","07/11/2016",,"Clark County Water Reclamation","7/2016 to 7/2017 paid vaty spark credit card","X","Utilities",-225.09,10314.49
,"Check","07/25/2016",,"Clark County Treasures","1828 bright leaf Paid 2016 BOA chk#1548","X","Property Tax",-1201.96,9112.53
,"Check","07/25/2016",,"Clark County Treasures","10001 fort pike Paid 2016 BOA chk#1547","X","Property Tax",-1964.99,7147.54
,"Check","08/06/2016",,"GoldenWest Management, Inc","8/2016","X","Management Fees",-85.00,7062.54
,"Check","08/06/2016",,"GoldenWest Management, Inc","8/2016","X","Management Fees",-115.00,6947.54
,"Deposit","08/06/2016",,"GoldenWest Management, Inc","8/2016","X","Rental Income",1095.00,8042.54
,"Deposit","08/06/2016",,"GoldenWest Management, Inc","8/2016","X","Rental Income",1550.00,9592.54
,"Check","08/06/2016",,"Cortis Property service","1001 fort pike washing machine","X","Repairs and Maintenance",-215.00,9377.54
,"Deposit","08/06/2016",,"GoldenWest Management, Inc","CO-PAYMENT","X","Rental Income",60.00,9437.54
,"Deposit","09/10/2016",,"GoldenWest Management, Inc","9/2016","X","Rental Income",1095.00,10532.54
,"Deposit","09/10/2016",,"GoldenWest Management, Inc","9/2016","X","Rental Income",1550.00,12082.54
,"Check","09/10/2016",,"GoldenWest Management, Inc","9/2016","X","Management Fees",-115.00,11967.54
,"Check","09/10/2016",,"GoldenWest Management, Inc","9/2016","X","Management Fees",-85.00,11882.54
,"Check","09/23/2016",,"MOUNTAINS EDGE MASTER ASSOCIATION","boa pay chk #1553","X","Community Association Fee",-192.00,11690.54
,"Check","09/23/2016",,"ELDORADO THIRD CA","boa pay chk #1554","X","Community Association Fee",-63.00,11627.54
,"Check","09/29/2016",,"Chase Cardmember Service","cox 10/16","X","Telephone Expense",-79.53,11548.01
,"Deposit","10/08/2016",,"GoldenWest Management, Inc","10/2016","X","Rental Income",1095.00,12643.01
,"Check","10/08/2016",,"GoldenWest Management, Inc","10/2016","X","Management Fees",-85.00,12558.01
,"Deposit","10/08/2016",,"GoldenWest Management, Inc","10/2016","X","Rental Income",1550.00,14108.01
,"Check","10/08/2016",,"GoldenWest Management, Inc","10/2016","X","Management Fees",-115.00,13993.01
,"Check","10/08/2016",,"Cortis Property service","garbage disposal","X","Repairs and Maintenance",-175.00,13818.01
,"Deposit","10/08/2016",,"GoldenWest Management, Inc","CO-PAYMENT","X","Rental Income",60.00,13878.01
,"Check","11/03/2016",,"GoldenWest Management, Inc","11/2016","X","Management Fees",-85.00,13793.01
,"Check","11/03/2016",,"GoldenWest Management, Inc","11/2016","X","Management Fees",-115.00,13678.01
,"Deposit","11/03/2016",,"GoldenWest Management, Inc","11/2016","X","Rental Income",1095.00,14773.01
,"Deposit","11/03/2016",,"GoldenWest Management, Inc","11/2016","X","Rental Income",1550.00,16323.01
,"General Journal","11/30/2016","3",,"add on","X","Automobile Expense",-2558.32,13764.69
,"Deposit","12/11/2016",,"GoldenWest Management, Inc","12/2016","X","Rental Income",1010.00,14774.69
,"Deposit","12/11/2016",,"GoldenWest Management, Inc","12/2016","X","Rental Income",1435.00,16209.69
,"Check","12/11/2016",,"GoldenWest Management, Inc","12/2016","X","Management Fees",-115.00,16094.69
,"Check","12/11/2016",,"GoldenWest Management, Inc","12/2016","X","Management Fees",-85.00,16009.69
,"Check","12/21/2016",,"MOUNTAINS EDGE MASTER ASSOCIATION","10/2026 to 12/2016 boa chk#1562","X","Community Association Fee",-192.00,15817.69
,"Check","12/30/2016",,"ELDORADO THIRD CA","1st qtr boa paid chk#1564","X","Community Association Fee",-63.00,15754.69
,"Check","12/30/2016",,,"add on","X","Office Supplies",-2685.00,13069.69
,"Check","12/30/2016",,,"add on","X","Repairs and Maintenance",-3000.00,10069.69
,"Check","01/10/2017",,"GoldenWest Management, Inc","1/2017","X","Management Fees",-85.00,9984.69
,"Check","01/10/2017",,"GoldenWest Management, Inc","1/2017","X","Management Fees",-115.00,9869.69
,"Deposit","01/10/2017",,"GoldenWest Management, Inc","1/2017","X","Rental Income",1095.00,10964.69
,"Deposit","01/10/2017",,"GoldenWest Management, Inc","1/2017","X","Rental Income",1550.00,12514.69
,"Check","01/10/2017",,"State Farm Fire and Casualty Company","fort pike 2/11/2017 to 2/11/2018","X","Insurance Expense",-623.00,11891.69
,"Check","01/10/2017",,"State Farm Fire and Casualty Company","btight leaf 1/28/2017 to 1/28/2018","X","Insurance Expense",-496.00,11395.69
,"Check","01/15/2017",,"ELDORADO THIRD CA","paid boa chk #1564","X","Community Association Fee",-63.00,11332.69
,"Deposit","02/02/2017",,"GoldenWest Management, Inc","2/2017","X","Rental Income",1550.00,12882.69
,"Deposit","02/02/2017",,"GoldenWest Management, Inc","2/2017","X","Rental Income",1095.00,13977.69
,"Check","02/02/2017",,"GoldenWest Management, Inc",,"X","Management Fees",-85.00,13892.69
,"Check","02/02/2017",,"GoldenWest Management, Inc",,"X","Management Fees",-115.00,13777.69
,"Check","02/27/2017",,"ELDORADO THIRD CA","paid boa chk #1568","X","Community Association Fee",-63.00,13714.69
,"Deposit","03/07/2017",,"GoldenWest Management, Inc","3/2017 hold $500","X","Rental Income",595.00,14309.69
,"Deposit","03/07/2017",,"GoldenWest Management, Inc","3/2017","X","Rental Income",1550.00,15859.69
,"Check","03/07/2017",,"GoldenWest Management, Inc",,"X","Management Fees",-85.00,15774.69
,"Check","03/07/2017",,"GoldenWest Management, Inc",,"X","Management Fees",-115.00,15659.69
,"Check","03/22/2017",,"Capital One","capital laty 0111","X","cash",-7300.84,8358.85
,"Check","03/25/2017",,"MOUNTAINS EDGE MASTER ASSOCIATION",,"X","Community Association Fee",-192.00,8166.85
,"Check","04/06/2017",,"GoldenWest Management, Inc",,"X","Management Fees",-85.00,8081.85
,"Check","04/06/2017",,"GoldenWest Management, Inc",,"X","Management Fees",-115.00,7966.85
,"Deposit","04/06/2017",,"GoldenWest Management, Inc","4/2017 balance hold $500","X","Rental Income",1050.00,9016.85
,"Deposit","04/06/2017",,"GoldenWest Management, Inc","4/2017 balance hold $500","X","Rental Income",1095.00,10111.85
,"Check","04/10/2017",,"FRANCHISE TAX BOARD","2017","X","LLC Tax",-800.00,9311.85
,"Deposit","05/07/2017",,"GoldenWest Management, Inc","5/2017 1550+500 hold+60 co-pay","X","Rental Income",2110.00,11421.85
,"Check","05/07/2017",,"GoldenWest Management, Inc",,"X","Management Fees",-115.00,11306.85
,"Check","05/07/2017",,"Cortis Property service","plumbing","X","Repairs and Maintenance",-75.00,11231.85
,"Deposit","05/07/2017",,"GoldenWest Management, Inc","5/2017 hold $500","X","Rental Income",1095.00,12326.85
,"Check","05/07/2017",,"GoldenWest Management, Inc","over charge by $30 was $85","X","Management Fees",-115.00,12211.85
,"Deposit","05/11/2017",,"GoldenWest Management, Inc","refund $30","X","Management Fees",30.00,12241.85
,"Deposit","06/02/2017",,"GoldenWest Management, Inc","6/2017 hold $500 bright leaf","X","Rental Income",1095.00,13336.85
,"Deposit","06/02/2017",,"GoldenWest Management, Inc","6/2017","X","Rental Income",1550.00,14886.85
,"Check","06/02/2017",,"GoldenWest Management, Inc",,"X","Management Fees",-115.00,14771.85
,"Check","06/02/2017",,"GoldenWest Management, Inc",,"X","Management Fees",-85.00,14686.85
,"Check","06/09/2017",,"ELDORADO THIRD CA","paid boa chk #1579","X","Community Association Fee",-63.00,14623.85
,"Check","06/09/2017",,"Capital One","capital vaty 4249","X","cash",-4283.66,10340.19
,"Check","06/28/2017",,"Chase Cardmember Service","credit card","X","Office Supplies",-2491.73,7848.46
,"Check","07/01/2017",,"GoldenWest Management, Inc",,"X","Management Fees",-115.00,7733.46
,"Check","07/01/2017",,"GoldenWest Management, Inc",,"X","Management Fees",-85.00,7648.46
,"Check","07/01/2017",,"AMERICAN HOME MECHANICAL LLC.","bright leaf air condition","X","Repairs and Maintenance",-95.00,7553.46
,"Deposit","07/01/2017",,"GoldenWest Management, Inc","7/2017","X","Rental Income",1550.00,9103.46
,"Deposit","07/01/2017",,"GoldenWest Management, Inc","7/2017 balance hold $500","X","Rental Income",1095.00,10198.46
,"Check","07/10/2017",,"MOUNTAINS EDGE MASTER ASSOCIATION","paid boa chk#1583","X","Community Association Fee",-192.00,10006.46
,"Check","07/11/2017",,"Clark County Water Reclamation","paid yen laty capital credit card","X","Utilities",-225.09,9781.37
,"Check","07/29/2017",,"Clark County Treasures","Fort Pike 2017-2018","X","Property Tax",-2016.02,7765.35
,"Check","07/29/2017",,"Clark County Treasures","Bright Leaf 2017-2018","X","Property Tax",-1233.15,6532.20
,"Deposit","08/07/2017",,"GoldenWest Management, Inc","8/2017 balance hold $500","X","Rental Income",1095.00,7627.20
,"Deposit","08/07/2017",,"GoldenWest Management, Inc","8/2017","X","Rental Income",1550.00,9177.20
,"Check","08/07/2017",,"GoldenWest Management, Inc","8/2017","X","Management Fees",-85.00,9092.20
,"Check","08/07/2017",,"GoldenWest Management, Inc","8/2017","X","Management Fees",-115.00,8977.20
,"Deposit","09/09/2017",,"GoldenWest Management, Inc","9/2017","X","Rental Income",1550.00,10527.20
,"Deposit","09/09/2017",,"GoldenWest Management, Inc","9/2017 balance hold $500","X","Rental Income",1095.00,11622.20
,"Check","09/09/2017",,"GoldenWest Management, Inc",,"X","Management Fees",-115.00,11507.20
,"Check","09/09/2017",,"GoldenWest Management, Inc",,"X","Management Fees",-85.00,11422.20
,"Check","09/11/2017",,"ELDORADO THIRD CA","paid BOA chk #1589","X","Community Association Fee",-63.00,11359.20
,"Check","09/22/2017",,"MOUNTAINS EDGE MASTER ASSOCIATION","paid BOA chk #1590","X","Community Association Fee",-192.00,11167.20
,"Check","10/02/2017",,"GoldenWest Management, Inc","10/2017","X","Management Fees",-85.00,11082.20
,"Check","10/02/2017",,"GoldenWest Management, Inc","10/2017","X","Management Fees",-115.00,10967.20
,"Deposit","10/02/2017",,"GoldenWest Management, Inc","10/2017 balance hold $500","X","Rental Income",1095.00,12062.20
,"Deposit","10/02/2017",,"GoldenWest Management, Inc","10/2017","X","Rental Income",1550.00,13612.20
,"Check","10/02/2017",,"Cortis Property service","bright leaf 245+255+95","X","Repairs and Maintenance",-595.00,13017.20
,"Check","10/02/2017",,"Cortis Property service","fort pike 165","X","Repairs and Maintenance",-165.00,12852.20
,"Check","11/03/2017",,"GoldenWest Management, Inc","11/2017","X","Management Fees",-85.00,12767.20
,"Check","11/03/2017",,"GoldenWest Management, Inc","11/2017","X","Management Fees",-115.00,12652.20
,"Deposit","11/03/2017",,"GoldenWest Management, Inc","11/2017 balance hold $500","X","Rental Income",1095.00,13747.20
,"Deposit","11/03/2017",,"GoldenWest Management, Inc","11/2017","X","Rental Income",1550.00,15297.20
,"Check","11/25/2017",,"TRI TRAN","washer & dryer","X","Repairs and Maintenance",-1241.24,14055.96
,"Check","11/25/2017",,"TRI TRAN","warranty","X","Repairs and Maintenance",-219.99,13835.97
,"Deposit","11/28/2017",,"GoldenWest Management, Inc","co-pay","X","Rental Income",60.00,13895.97
,"Check","12/09/2017",,"GoldenWest Management, Inc","12/17","X","Management Fees",-85.00,13810.97
,"Check","12/09/2017",,"GoldenWest Management, Inc","12/17","X","Management Fees",-115.00,13695.97
,"Deposit","12/09/2017",,"GoldenWest Management, Inc","12/17","X","Rental Income",1550.00,15245.97
,"Deposit","12/09/2017",,"GoldenWest Management, Inc","12/17 balance hold $500","X","Rental Income",1095.00,16340.97
,"Check","12/24/2017",,"MOUNTAINS EDGE MASTER ASSOCIATION","12/2017","X","Community Association Fee",-192.00,16148.97
,"Check","12/26/2017",,"State Farm Fire and Casualty Company","2018","X","Insurance Expense",-536.00,15612.97
,"Check","12/31/2017",,"Fortitude Professional Services","2016 tax","X","Professional Fees",-190.00,15422.97
,"Check","12/31/2017",,,,"X","Automobile Expense",-2868.85,12554.12
,"Check","12/31/2017",,,,"X","Repairs and Maintenance",-1200.00,11354.12
,"Check","12/31/2017",,,"Filling Fee","X","Professional Fees",-20.00,11334.12
,"Check","01/03/2018",,"ELDORADO THIRD CA","paid boa chk #1598","X","Community Association Fee",-63.00,11271.12
,"Check","01/09/2018",,"GoldenWest Management, Inc","1/2018","X","Management Fees",-85.00,11186.12
,"Check","01/09/2018",,"GoldenWest Management, Inc","1/2018","X","Management Fees",-115.00,11071.12
,"Deposit","01/09/2018",,"GoldenWest Management, Inc","1/2018","X","Rental Income",1095.00,12166.12
,"Deposit","01/09/2018",,"GoldenWest Management, Inc","1/2018","X","Rental Income",1550.00,13716.12
,"Check","01/10/2018",,"State Farm Fire and Casualty Company","2018","X","Insurance Expense",-671.00,13045.12
,"Check","01/11/2018",,"TRI TRAN","roth ira","X","cash",-12000.00,1045.12
,"Check","02/09/2018",,"GoldenWest Management, Inc","2/2018","X","Management Fees",-85.00,960.12
,"Check","02/09/2018",,"GoldenWest Management, Inc","2/2018","X","Management Fees",-115.00,845.12
,"Deposit","02/09/2018",,"GoldenWest Management, Inc","2/2018","X","Rental Income",1550.00,2395.12
,"Deposit","02/09/2018",,"GoldenWest Management, Inc","Deposit","X","Rental Income",1095.00,3490.12
,"Check","03/08/2018",,"GoldenWest Management, Inc","3/2018","X","Management Fees",-85.00,3405.12
,"Check","03/08/2018",,"GoldenWest Management, Inc","3/2018","X","Management Fees",-115.00,3290.12
,"Deposit","03/08/2018",,"GoldenWest Management, Inc","3/2018","X","Rental Income",1095.00,4385.12
,"Deposit","03/08/2018",,"GoldenWest Management, Inc","3/2018","X","Rental Income",1550.00,5935.12
,"Check","03/20/2018",,"MOUNTAINS EDGE MASTER ASSOCIATION","boa chk #1384","X","Community Association Fee",-192.00,5743.12
,"Check","03/20/2018",,"ELDORADO THIRD CA","boa chk #1385","X","Community Association Fee",-63.00,5680.12
,"Check","04/04/2018",,"FRANCHISE TAX BOARD","2018","X","LLC Tax",-800.00,4880.12
,"Check","04/08/2018",,"GoldenWest Management, Inc","4/2018","X","Management Fees",-85.00,4795.12
,"Check","04/08/2018",,"GoldenWest Management, Inc","4/2018","X","Management Fees",-115.00,4680.12
,"Deposit","04/08/2018",,"GoldenWest Management, Inc","4/2018","X","Rental Income",1550.00,6230.12
,"Deposit","04/08/2018",,"GoldenWest Management, Inc","4/2018 on hold $500","X","Rental Income",1095.00,7325.12
,"Check","04/10/2018",,"Secretary of State","state filed","X","Professional Fees",-20.00,7305.12
,"Check","05/10/2018",,"GoldenWest Management, Inc",,"X","Management Fees",-85.00,7220.12
,"Check","05/10/2018",,"GoldenWest Management, Inc",,"X","Management Fees",-115.00,7105.12
,"Check","05/10/2018",,"AMERICAN HOME MECHANICAL LLC.",,"X","Repairs and Maintenance",-110.00,6995.12
,"Check","05/10/2018",,"AMERICAN HOME MECHANICAL LLC.",,"X","Repairs and Maintenance",-55.00,6940.12
,"Deposit","05/10/2018",,"GoldenWest Management, Inc","on hold $500","X","Rental Income",1095.00,8035.12
,"Deposit","05/10/2018",,"GoldenWest Management, Inc","on hold $500","X","Rental Income",1550.00,9585.12
,"Check","06/01/2018",,"GoldenWest Management, Inc",,"X","Management Fees",-85.00,9500.12
,"Check","06/01/2018",,"GoldenWest Management, Inc",,"X","Management Fees",-115.00,9385.12
,"Deposit","06/01/2018",,"GoldenWest Management, Inc","Deposit","X","Rental Income",1550.00,10935.12
,"Deposit","06/01/2018",,"GoldenWest Management, Inc","Deposit","X","Rental Income",1095.00,12030.12
,"Check","06/21/2018",,"MOUNTAINS EDGE MASTER ASSOCIATION","paid boa chk #1399","X","Community Association Fee",-192.00,11838.12
,"Check","06/26/2018",,"ELDORADO THIRD CA","paid boa chk #1549","X","Community Association Fee",-78.00,11760.12
,"Check","07/13/2018",,"Clark County Water Reclamation","7/12/18 paid tri citi credit card","X","Utilities",-225.09,11535.03
,"Check","07/18/2018",,"GoldenWest Management, Inc",,"X","Management Fees",-85.00,11450.03
,"Check","07/18/2018",,"GoldenWest Management, Inc",,"X","Management Fees",-115.00,11335.03
,"Deposit","07/18/2018",,"GoldenWest Management, Inc","Deposit","X","Rental Income",1095.00,12430.03
,"Check","07/22/2018",,"Clark County Treasures","fort pike","X","Property Tax",-2100.60,10329.43
,"Check","07/22/2018",,"Clark County Treasures","bright leaf","X","Property Tax",-1284.85,9044.58
,"Check","07/22/2018",,"Las Vegas Valley Water District","paid tri citi card","X","Utilities",-10.00,9034.58
,"Deposit","07/23/2018",,,"Deposit","X","Rental Income",25.00,9059.58
,"Check","08/02/2018",,"GoldenWest Management, Inc",,"X","Management Fees",-115.00,8944.58
,"Deposit","08/02/2018",,"GoldenWest Management, Inc","Deposit","X","Rental Income",1095.00,10039.58
,"Check","08/02/2018",,"GoldenWest Management, Inc",,"X","Management Fees",-115.00,9924.58
,"Deposit","08/02/2018",,"GoldenWest Management, Inc","Deposit","X","Rental Income",957.00,10881.58
,"Deposit","08/02/2018",,"GoldenWest Management, Inc","Deposit","X","Rental Income",12.00,10893.58
,"Check","08/20/2018",,"Las Vegas Valley Water District","paid tri citi card","X","Utilities",-30.85,10862.73
,"Check","08/20/2018",,"NV ENERGY","gift card 200+28.81","X","Utilities",-228.81,10633.92
,"Deposit","08/24/2018",,,"Deposit","X","Property Tax",14.78,10648.70
,"Check","09/02/2018",,"GoldenWest Management, Inc",,"X","Management Fees",-85.00,10563.70
,"Deposit","09/02/2018",,"GoldenWest Management, Inc","Deposit","X","Management Fees",30.00,10593.70
,"Deposit","09/02/2018",,"GoldenWest Management, Inc","Deposit","X","Rental Income",1095.00,11688.70
,"Check","09/02/2018",,"GoldenWest Management, Inc",,"X","Management Fees",-115.00,11573.70
,"Deposit","09/02/2018",,"GoldenWest Management, Inc","Deposit","X","Rental Income",1595.00,13168.70
,"Deposit","09/02/2018",,"GoldenWest Management, Inc","Deposit","X","Rental Income",20.00,13188.70
,"Check","09/02/2018",,"Gutierrez Handyman Services",,"X","Repairs and Maintenance",-605.00,12583.70
,"Check","09/23/2018",,"MOUNTAINS EDGE MASTER ASSOCIATION","paid chase chk #504","X","Community Association Fee",-192.00,12391.70
,"Check","09/24/2018",,"ELDORADO THIRD CA","pay chase chk#506","X","Community Association Fee",-48.00,12343.70
,"Check","09/28/2018",,"Gutierrez Handyman Services",,"X","Repairs and Maintenance",-300.00,12043.70
,"Check","10/03/2018",,"GoldenWest Management, Inc",,"X","Management Fees",-85.00,11958.70
,"Check","10/03/2018",,"GoldenWest Management, Inc",,"X","Management Fees",-115.00,11843.70
,"Deposit","10/03/2018",,"GoldenWest Management, Inc","Deposit","X","Rental Income",20.00,11863.70
,"Deposit","10/03/2018",,"GoldenWest Management, Inc","Deposit","X","Rental Income",1095.00,12958.70
,"Deposit","10/03/2018",,"GoldenWest Management, Inc","Deposit","X","Rental Income",1595.00,14553.70
,"Transfer","10/20/2018",,,"transfer to chase pay tri citi","X","cash",-10000.00,4553.70
,"Check","10/24/2018",,"Number One Plumbing Heating & Air","Fort Pike","X","Repairs and Maintenance",-260.50,4293.20
,"Check","11/01/2018",,"GoldenWest Management, Inc",,"X","Management Fees",-115.00,4178.20
,"Check","11/01/2018",,"GoldenWest Management, Inc",,"X","Management Fees",-85.00,4093.20
,"Deposit","11/01/2018",,"GoldenWest Management, Inc","Deposit","X","Rental Income",1095.00,5188.20
,"Deposit","11/01/2018",,"GoldenWest Management, Inc","Deposit","X","Rental Income",1595.00,6783.20
,"Deposit","11/01/2018",,"GoldenWest Management, Inc","Deposit","X","Rental Income",20.00,6803.20
,"Check","11/08/2018",,"Ruben""s Appliance HVAC LLC","Fort Pike 280+240","X","Repairs and Maintenance",-520.00,6283.20
,"Check","12/03/2018",,"GoldenWest Management, Inc",,"X","Management Fees",-85.00,6198.20
,"Check","12/03/2018",,"GoldenWest Management, Inc",,"X","Management Fees",-115.00,6083.20
,"Deposit","12/03/2018",,"GoldenWest Management, Inc","Deposit","X","Rental Income",1595.00,7678.20
,"Deposit","12/03/2018",,"GoldenWest Management, Inc","Deposit","X","Rental Income",1095.00,8773.20
,"Deposit","12/03/2018",,"GoldenWest Management, Inc","Deposit","X","Rental Income",20.00,8793.20
,"Deposit","12/03/2018",,"GoldenWest Management, Inc","Deposit","X","Rental Income",53.00,8846.20
,"Check","12/26/2018",,"State Farm Fire and Casualty Company","paid credit card 2227","X","Insurance Expense",-486.00,8360.20
,"Check","12/26/2018",,"MOUNTAINS EDGE MASTER ASSOCIATION","pay boa chk#2009","X","Community Association Fee",-192.00,8168.20
,"Check","12/26/2018",,"ELDORADO THIRD CA","pay boa chk#2008","X","Community Association Fee",-63.00,8105.20
,"Check","12/31/2018",,"Fortitude Professional Services","2017 tax","X","Professional Fees",-190.00,7915.20
,"Check","01/03/2019",,"GoldenWest Management, Inc",,"X","Management Fees",-85.00,7830.20
,"Check","01/03/2019",,"GoldenWest Management, Inc",,"X","Management Fees",-115.00,7715.20
,"Deposit","01/03/2019",,"GoldenWest Management, Inc","Deposit","X","Rental Income",1095.00,8810.20
,"Deposit","01/03/2019",,"GoldenWest Management, Inc","Deposit","X","Rental Income",1595.00,10405.20
,"Deposit","01/03/2019",,"GoldenWest Management, Inc","Deposit","X","Rental Income",20.00,10425.20
,"Check","01/11/2019",,"State Farm Fire and Casualty Company","paid credit card 2227","X","Insurance Expense",-589.00,9836.20
,"Check","02/02/2019",,"Chase Cardmember Service","laty 3584","X","-SPLIT-",-3273.60,6562.60
,"Check","02/20/2019",,"GoldenWest Management, Inc",,"X","Management Fees",-85.00,6477.60
,"Check","02/20/2019",,"GoldenWest Management, Inc",,"X","Management Fees",-115.00,6362.60
,"Deposit","02/20/2019",,"GoldenWest Management, Inc","Deposit","X","Rental Income",1595.00,7957.60
,"Deposit","02/20/2019",,"GoldenWest Management, Inc","Deposit","X","Rental Income",20.00,7977.60
,"Deposit","02/20/2019",,"GoldenWest Management, Inc","Deposit","X","Rental Income",1095.00,9072.60
,"Check","03/05/2019",,"ELDORADO THIRD CA","chase chk #509","X","Community Association Fee",-63.00,9009.60
,"Check","03/05/2019",,"ELDORADO THIRD CA","chk #509","X","Community Association Fee",-63.00,8946.60
,"Deposit","03/16/2019",,"GoldenWest Management, Inc","Deposit","X","Rental Income",1095.00,10041.60
,"Check","03/16/2019",,"GoldenWest Management, Inc",,"X","Management Fees",-85.00,9956.60
,"Deposit","03/16/2019",,"GoldenWest Management, Inc","Deposit","X","Rental Income",1595.00,11551.60
,"Deposit","03/16/2019",,"GoldenWest Management, Inc","Deposit","X","Rental Income",20.00,11571.60
,"Check","03/16/2019",,"GoldenWest Management, Inc",,"X","Management Fees",-115.00,11456.60
,"Check","03/19/2019",,"FRANCHISE TAX BOARD","2019","X","LLC Tax",-800.00,10656.60
,"Check","03/26/2019",,"MOUNTAINS EDGE MASTER ASSOCIATION","chase chk #510","X","Community Association Fee",-192.00,10464.60
,"Check","04/05/2019",,"Chase Cardmember Service","credit card","X","Office Supplies",-895.20,9569.40
,"Deposit","04/16/2019",,"GoldenWest Management, Inc","Deposit","X","Rental Income",1095.00,10664.40
,"Deposit","04/16/2019",,"GoldenWest Management, Inc","Deposit","X","Rental Income",1595.00,12259.40
,"Deposit","04/16/2019",,"GoldenWest Management, Inc","Deposit","X","Rental Income",20.00,12279.40
,"Check","04/16/2019",,"GoldenWest Management, Inc",,"X","Management Fees",-115.00,12164.40
,"Check","04/16/2019",,"GoldenWest Management, Inc",,"X","Management Fees",-85.00,12079.40
,"Deposit","05/01/2019",,"GoldenWest Management, Inc","Deposit","X","Rental Income",1595.00,13674.40
,"Deposit","05/01/2019",,"GoldenWest Management, Inc","Deposit","X","Rental Income",20.00,13694.40
,"Check","05/01/2019",,"GoldenWest Management, Inc",,"X","Management Fees",-115.00,13579.40
,"Check","05/01/2019",,"AMERICAN HOME MECHANICAL LLC.","Fort Pike AC TURN UP","X","Repairs and Maintenance",-200.00,13379.40
,"Deposit","05/01/2019",,"GoldenWest Management, Inc","Deposit","X","Rental Income",1150.00,14529.40
,"Check","05/01/2019",,"AMERICAN HOME MECHANICAL LLC.","Bright Leaf  AC TURN UP","X","Repairs and Maintenance",-85.00,14444.40
,"Check","05/01/2019",,"GoldenWest Management, Inc",,"X","Management Fees",-85.00,14359.40
,"Check","05/01/2019",,"GoldenWest Management, Inc","Bright Leaf Lease Renewal Fee $150","X","Management Fees",-150.00,14209.40
,"Check","05/22/2019",,"GoldenWest Management, Inc","Interior Inspection 4/2019","X","Management Fees",-49.00,14160.40
,"Check","06/03/2019",,,"transfer to checking 10k","X","-SPLIT-",-10000.00,4160.40
,"Deposit","06/19/2019",,"GoldenWest Management, Inc","Deposit","X","Rental Income",1595.00,5755.40
,"Deposit","06/19/2019",,"GoldenWest Management, Inc","Deposit","X","Rental Income",20.00,5775.40
,"Check","06/19/2019",,"GoldenWest Management, Inc",,"X","Management Fees",-115.00,5660.40
,"Deposit","06/19/2019",,"GoldenWest Management, Inc","Deposit","X","Rental Income",1150.00,6810.40
,"Check","06/19/2019",,"GoldenWest Management, Inc",,"X","Management Fees",-85.00,6725.40
,"Check","06/20/2019",,"GoldenWest Management, Inc","Annual Record & Retention Fee","X","Management Fees",-49.00,6676.40
,"Check","06/22/2019",,"MOUNTAINS EDGE MASTER ASSOCIATION","6/2019 chk#513","X","Community Association Fee",-192.00,6484.40
,"Check","06/22/2019",,"ELDORADO THIRD CA","chk # 514 6&9","X","Community Association Fee",-126.00,6358.40
,"Check","06/22/2019",,"MOUNTAINS EDGE MASTER ASSOCIATION",,"X","Community Association Fee",-192.00,6166.40
,"Check","07/02/2019",,"GoldenWest Management, Inc",,"X","Management Fees",-85.00,6081.40
,"Check","07/02/2019",,"GoldenWest Management, Inc",,"X","Management Fees",-115.00,5966.40
,"Deposit","07/02/2019",,"GoldenWest Management, Inc","Deposit","X","Rental Income",1150.00,7116.40
,"Deposit","07/02/2019",,"GoldenWest Management, Inc","Deposit","X","Rental Income",1595.00,8711.40
,"Deposit","07/02/2019",,"GoldenWest Management, Inc","Deposit","X","Rental Income",20.00,8731.40
,"Check","07/12/2019",,"Clark County Water Reclamation","7/1/19 to 6/30/20","X","Utilities",-231.16,8500.24
,"Check","07/30/2019",,"Clark County Treasures","Bright Leaf","X","Property Tax",-1330.93,7169.31
,"Check","07/30/2019",,"Clark County Treasures","Fort Pike","X","Property Tax",-2201.32,4967.99
,"Check","08/17/2019",,"GoldenWest Management, Inc",,"X","Management Fees",-85.00,4882.99
,"Check","08/17/2019",,"GoldenWest Management, Inc",,"X","Management Fees",-115.00,4767.99
,"Deposit","08/17/2019",,"GoldenWest Management, Inc","Deposit","X","Rental Income",1150.00,5917.99
,"Deposit","08/17/2019",,"GoldenWest Management, Inc","Deposit","X","Rental Income",1595.00,7512.99
,"Deposit","08/17/2019",,"GoldenWest Management, Inc","Deposit","X","Rental Income",20.00,7532.99
,"Deposit","09/16/2019",,"GoldenWest Management, Inc","Deposit","X","Rental Income",1150.00,8682.99
,"Check","09/16/2019",,"GoldenWest Management, Inc",,"X","Management Fees",-85.00,8597.99
,"Deposit","09/16/2019",,"GoldenWest Management, Inc","Deposit","X","Rental Income",1595.00,10192.99
,"Check","09/16/2019",,"GoldenWest Management, Inc",,"X","Management Fees",-115.00,10077.99
,"Deposit","09/16/2019",,"GoldenWest Management, Inc","Deposit","X","Rental Income",20.00,10097.99
,"Check","09/16/2019",,"GoldenWest Management, Inc",,"X","Management Fees",-5.00,10092.99
,"Check","10/01/2019",,"GoldenWest Management, Inc",,"X","Management Fees",-85.00,10007.99
,"Check","10/01/2019",,"GoldenWest Management, Inc",,"X","Management Fees",-115.00,9892.99
,"Deposit","10/01/2019",,"GoldenWest Management, Inc","Deposit","X","Rental Income",1150.00,11042.99
,"Deposit","10/01/2019",,"GoldenWest Management, Inc","Deposit","X","Rental Income",1595.00,12637.99
,"Deposit","10/01/2019",,"GoldenWest Management, Inc","Deposit","X","Rental Income",20.00,12657.99
,"Deposit","11/03/2019",,"GoldenWest Management, Inc","Deposit","X","Rental Income",1150.00,13807.99
,"Check","11/03/2019",,"GoldenWest Management, Inc",,"X","Management Fees",-85.00,13722.99
,"Deposit","11/03/2019",,"GoldenWest Management, Inc","Deposit","X","Rental Income",1595.00,15317.99
,"Deposit","11/03/2019",,"GoldenWest Management, Inc","Deposit","X","Rental Income",20.00,15337.99
,"Check","11/03/2019",,"GoldenWest Management, Inc",,"X","Management Fees",-115.00,15222.99
,"Deposit","11/04/2019",,"Clark County Treasures","bright leaf tax refund","X","Property Tax",22.83,15245.82
,"Check","11/20/2019",,"GoldenWest Management, Inc",,"X","Management Fees",-49.00,15196.82
,"Check","11/20/2019",,"GoldenWest Management, Inc","Inspection fee","X","Management Fees",-49.00,15147.82
,"Check","11/27/2019",,"AMERICAN HOME MECHANICAL LLC.",,"X","Repairs and Maintenance",-50.00,15097.82
,"Deposit","12/01/2019",,"GoldenWest Management, Inc","Deposit","X","Rental Income",1595.00,16692.82
,"Deposit","12/01/2019",,"GoldenWest Management, Inc","Deposit","X","Rental Income",20.00,16712.82
,"Check","12/01/2019",,"GoldenWest Management, Inc","115+5+5","X","Management Fees",-125.00,16587.82
,"Check","12/11/2019",,,"CASH 10,000-6046.55 PAY CREDIT CARD","X","Repairs and Maintenance",-3953.45,12634.37
,"Check","12/20/2019",,"MOUNTAINS EDGE MASTER ASSOCIATION",,"X","Community Association Fee",-192.00,12442.37
,"Check","12/30/2019",,"State Farm Fire and Casualty Company",,"X","Insurance Expense",-527.00,11915.37
,"Deposit","12/31/2019",,"GoldenWest Management, Inc","Adjust to 1099-MISC","X","Rental Income",53.30,11968.67
,"Deposit","01/01/2020",,"GoldenWest Management, Inc","Deposit","X","Rental Income",1595.00,13563.67
,"Deposit","01/01/2020",,"GoldenWest Management, Inc","Deposit","X","Rental Income",20.00,13583.67
,"Check","01/01/2020",,"GoldenWest Management, Inc",,"X","Management Fees",-145.00,13438.67
,"Deposit","01/01/2020",,"GoldenWest Management, Inc","Deposit","X","Rental Income",1364.00,14802.67
,"Deposit","01/01/2020",,"GoldenWest Management, Inc","Deposit","X","Rental Income",1149.20,15951.87
,"Deposit","01/06/2020",,"GoldenWest Management, Inc","Deposit","X","Rental Income",0.30,15952.17
,"Deposit","01/06/2020",,"GoldenWest Management, Inc","Deposit","X","Rental Income",57.50,16009.67
,"Check","01/08/2020",,"GoldenWest Management, Inc","50+57.5","X","Management Fees",-107.50,15902.17
,"Check","01/08/2020",,"GoldenWest Management, Inc",,"X","Management Fees",-115.00,15787.17
,"Check","01/08/2020",,"GoldenWest Management, Inc","50+57.5","X","Management Fees",-107.50,15679.67
,"Check","01/15/2020",,"GoldenWest Management, Inc",,"X","Management Fees",-49.00,15630.67
,"Check","01/15/2020",,"GoldenWest Management, Inc",,"X","Management Fees",-49.00,15581.67
,"Check","01/20/2020",,"State Farm Fire and Casualty Company",,"X","Insurance Expense",-638.88,14942.79
,"Deposit","02/17/2020",,"GoldenWest Management, Inc","Deposit","X","Rental Income",1150.00,16092.79
,"Deposit","02/17/2020",,"GoldenWest Management, Inc","Deposit","X","Rental Income",1595.00,17687.79
,"Deposit","02/17/2020",,"GoldenWest Management, Inc","Deposit","X","Rental Income",20.00,17707.79
,"Check","02/17/2020",,"GoldenWest Management, Inc",,"X","Management Fees",-145.00,17562.79
,"Check","02/17/2020",,"GoldenWest Management, Inc",,"X","Management Fees",-115.00,17447.79
,"Check","03/16/2020",,"GoldenWest Management, Inc",,"X","Management Fees",-115.00,17332.79
,"Check","03/16/2020",,"GoldenWest Management, Inc",,"X","Management Fees",-145.00,17187.79
,"Deposit","03/16/2020",,"GoldenWest Management, Inc","Deposit","X","Rental Income",1150.00,18337.79
,"Deposit","03/16/2020",,"GoldenWest Management, Inc","Deposit","X","Rental Income",1595.00,19932.79
,"Deposit","03/16/2020",,"GoldenWest Management, Inc","Deposit","X","Rental Income",20.00,19952.79
,"Transfer","03/20/2020",,,"to chase checking","X","cash",-20000.00,-47.21
,"Transfer","03/20/2020",,,"from vaty","X","cash",2000.00,1952.79
,"Check","03/23/2020",,"MOUNTAINS EDGE MASTER ASSOCIATION","checking #527","X","Community Association Fee",-192.00,1760.79
,"Check","03/23/2020",,"ELDORADO THIRD CA","checking #526","X","Community Association Fee",-63.00,1697.79
,"Check","04/16/2020",,"GoldenWest Management, Inc","115+5","X","Management Fees",-120.00,1577.79
,"Check","04/16/2020",,"GoldenWest Management, Inc",,"X","Management Fees",-145.00,1432.79
,"Deposit","04/16/2020",,"GoldenWest Management, Inc","Deposit","X","Rental Income",1150.00,2582.79
,"Deposit","04/16/2020",,"GoldenWest Management, Inc","Deposit","X","Rental Income",1595.00,4177.79
,"Deposit","04/16/2020",,"GoldenWest Management, Inc","Deposit","X","Rental Income",20.00,4197.79
,"Check","04/20/2020",,"REPUBLIC SERVICE",,"X","Utilities",-45.84,4151.95
,"Check","05/02/2020",,,"State File","X","Professional Fees",-20.00,4131.95
,"Check","05/02/2020",,"FRANCHISE TAX BOARD","2020","X","LLC Tax",-800.00,3331.95
,"Check","05/11/2020",,"GoldenWest Management, Inc",,"X","Management Fees",-145.00,3186.95
,"Deposit","05/11/2020",,"GoldenWest Management, Inc","Deposit","X","Rental Income",1595.00,4781.95
,"Deposit","05/11/2020",,"GoldenWest Management, Inc","Deposit","X","Rental Income",20.00,4801.95
,"Check","05/11/2020",,"AMERICAN HOME MECHANICAL LLC.","HVAC","X","Repairs and Maintenance",-140.00,4661.95
,"Check","05/11/2020",,"GoldenWest Management, Inc",,"X","Management Fees",-115.00,4546.95
,"Check","05/11/2020",,"GoldenWest Management, Inc",,"X","Management Fees",-5.00,4541.95
,"Deposit","05/11/2020",,"GoldenWest Management, Inc","Deposit","X","Rental Income",1150.00,5691.95
,"Check","05/11/2020",,"Nature by Design LLC","Weed Removal","X","Repairs and Maintenance",-155.00,5536.95
,"Deposit","05/26/2020",,"GoldenWest Management, Inc","Deposit 95+155","X","Rental Income",250.00,5786.95
,"Deposit","06/17/2020",,"GoldenWest Management, Inc","Deposit","X","Rental Income",1595.00,7381.95
,"Deposit","06/17/2020",,"GoldenWest Management, Inc","Deposit","X","Rental Income",20.00,7401.95
,"Check","06/17/2020",,"GoldenWest Management, Inc","HOA Coordination May Fort Pike","X","Management Fees",-5.00,7396.95
,"Check","06/17/2020",,"GoldenWest Management, Inc",,"X","Management Fees",-145.00,7251.95
,"Check","06/17/2020",,"GoldenWest Management, Inc","Semi Annual Records Fort Pike","X","Management Fees",-49.00,7202.95
,"Deposit","06/17/2020",,"GoldenWest Management, Inc","Deposit","X","Rental Income",1055.00,8257.95
,"Check","06/17/2020",,"GoldenWest Management, Inc",,"X","Management Fees",-115.00,8142.95
,"Check","06/17/2020",,"GoldenWest Management, Inc","Semi Annual records","X","Management Fees",-49.00,8093.95
,"Check","06/22/2020",,"MOUNTAINS EDGE MASTER ASSOCIATION","checking #529","X","Community Association Fee",-192.00,7901.95
,"Check","06/24/2020",,"AMERICAN HOME MECHANICAL LLC.","Bright Leaf  AC tune up","X","Repairs and Maintenance",-85.00,7816.95
,"Check","07/15/2020",,"GoldenWest Management, Inc","HOA Coordination June Fort Pike","X","Management Fees",-5.00,7811.95
,"Check","07/15/2020",,"Clark County Treasures","Bright Leaf","X","Property Tax",-1347.95,6464.00
,"Check","07/15/2020",,"Clark County Treasures","Fort Pike","X","Property Tax",-2349.35,4114.65
,"Check","07/16/2020",,"GoldenWest Management, Inc",,"X","Management Fees",-115.00,3999.65
,"Check","07/16/2020",,"GoldenWest Management, Inc",,"X","Management Fees",-145.00,3854.65
,"Deposit","07/16/2020",,"GoldenWest Management, Inc","Deposit","X","Rental Income",1150.00,5004.65
,"Deposit","07/16/2020",,"GoldenWest Management, Inc","Deposit","X","Rental Income",1595.00,6599.65
,"Deposit","07/16/2020",,"GoldenWest Management, Inc","Deposit","X","Rental Income",20.00,6619.65
,"Check","07/20/2020",,"REPUBLIC SERVICE",,"X","Utilities",-46.65,6573.00
,"Check","07/22/2020",,"Clark County Water Reclamation",,"X","Utilities",-231.16,6341.84
,"Check","08/17/2020",,"GoldenWest Management, Inc",,"X","Management Fees",-115.00,6226.84
,"Check","08/17/2020",,"GoldenWest Management, Inc","Bright Leaf Lease Renew Fee","X","Management Fees",-150.00,6076.84
,"Check","08/17/2020",,"GoldenWest Management, Inc",,"X","Management Fees",-145.00,5931.84
,"Deposit","08/17/2020",,"GoldenWest Management, Inc","Deposit","X","Rental Income",1595.00,7526.84
,"Deposit","08/17/2020",,"GoldenWest Management, Inc","Deposit","X","Rental Income",20.00,7546.84
,"Deposit","08/17/2020",,"GoldenWest Management, Inc","Deposit","X","Rental Income",1220.00,8766.84
,"Check","08/25/2020",,"REPUBLIC SERVICE","paid gift card","X","Utilities",-50.58,8716.26
,"Check","09/01/2020",,"GoldenWest Management, Inc",,"X","Management Fees",-115.00,8601.26
,"Deposit","09/01/2020",,"GoldenWest Management, Inc","Deposit Bright leaf","X","Rental Income",1220.00,9821.26
,"Check","09/01/2020",,"GoldenWest Management, Inc",,"X","Management Fees",-145.00,9676.26
,"Deposit","09/01/2020",,"GoldenWest Management, Inc","Deposit Fort Pike","X","Rental Income",1256.50,10932.76
,"Deposit","09/01/2020",,"GoldenWest Management, Inc","Deposit","X","Rental Income",24.50,10957.26
,"Check","09/02/2020",,"MOUNTAINS EDGE MASTER ASSOCIATION","review fee","X","Community Association Fee",-20.00,10937.26
,"Check","09/10/2020",,"Bershire Hathaway","Rental Commission","X","Management Fees",-300.00,10637.26
,"Check","09/15/2020",,"GoldenWest Management, Inc","Leasing Fee","X","Management Fees",-897.50,9739.76
,"Transfer","09/17/2020",,,"Funds Transfer","X","Tenant Security Deposits Held",2392.50,12132.26
,"Transfer","09/17/2020",,,"Funds Transfer","X","Tenant Security Deposits Held",-2017.00,10115.26
,"Check","09/21/2020",,"NV ENERGY",,"X","Utilities",-42.60,10072.66
,"Check","09/23/2020",,"AMERICAN HOME MECHANICAL LLC.","$112.50+$35","X","Repairs and Maintenance",-147.50,9925.16
,"Check","09/23/2020",,"GoldenWest Management, Inc","stamp","X","Management Fees",-10.00,9915.16
,"Check","09/23/2020",,"GoldenWest Management, Inc","Zillow Ad Fee","X","Management Fees",-30.00,9885.16
,"Check","09/23/2020",,"CT cleaning",,"X","Repairs and Maintenance",-35.00,9850.16
,"Check","10/01/2020",,"GoldenWest Management, Inc",,"X","Management Fees",-115.00,9735.16
,"Deposit","10/01/2020",,"GoldenWest Management, Inc","Deposit","X","Rental Income",1220.00,10955.16
,"Check","10/01/2020",,"Drain BEARS","New  water heater $900+$35","X","Repairs and Maintenance",-935.00,10020.16
,"Check","10/01/2020",,"GoldenWest Management, Inc",,"X","Management Fees",-145.00,9875.16
,"Deposit","10/01/2020",,"GoldenWest Management, Inc","Deposit","X","Rental Income",1795.00,11670.16
,"Deposit","10/01/2020",,"GoldenWest Management, Inc","Deposit","X","Rental Income",35.00,11705.16
,"Deposit","10/02/2020",,"GoldenWest Management, Inc","Leasing fee","X","Management Fees",597.50,12302.66
,"Check","10/04/2020",,"MOUNTAINS EDGE MASTER ASSOCIATION","checking #540","X","Community Association Fee",-192.00,12110.66
,"Check","10/04/2020",,"ELDORADO THIRD CA","checking #542","X","Community Association Fee",-63.00,12047.66
,"Check","10/07/2020",,"Nature by Design LLC","Fort Pike Tree Trim $230+$35","X","Repairs and Maintenance",-265.00,11782.66
,"Check","10/07/2020",,"CT cleaning","Fort Pike $753+$35","X","Repairs and Maintenance",-753.00,11029.66
,"Check","10/10/2020",,"REPUBLIC SERVICE","4 qtr 2020","X","Utilities",-46.65,10983.01
,"Check","10/11/2020",,"Billoyd's Appliance Service","$438.77+$35","X","Repairs and Maintenance",-473.77,10509.24
,"Check","11/04/2020",,"GoldenWest Management, Inc",,"X","Management Fees",-115.00,10394.24
,"Check","11/04/2020",,"GoldenWest Management, Inc",,"X","Management Fees",-145.00,10249.24
,"Deposit","11/04/2020",,"GoldenWest Management, Inc","Deposit","X","Rental Income",1220.00,11469.24
,"Deposit","11/04/2020",,"GoldenWest Management, Inc","Deposit","X","Rental Income",1795.00,13264.24
,"Deposit","11/04/2020",,"GoldenWest Management, Inc","Deposit","X","Rental Income",35.00,13299.24
,"Check","11/11/2020",,"Ruiz LV Home repairs","Replace Toilet Flush Handle","X","Repairs and Maintenance",-105.00,13194.24
,"Check","11/11/2020",,"City Lights Appliance LLC","Garbage Disposal","X","Repairs and Maintenance",-175.00,13019.24
,"Deposit","12/05/2020",,"GoldenWest Management, Inc","Deposit","X","Rental Income",1220.00,14239.24
,"Check","12/05/2020",,"GoldenWest Management, Inc",,"X","Management Fees",-115.00,14124.24
,"Deposit","12/05/2020",,"GoldenWest Management, Inc","Deposit","X","Rental Income",1795.00,15919.24
,"Deposit","12/05/2020",,"GoldenWest Management, Inc","Deposit","X","Rental Income",35.00,15954.24
,"Deposit","12/05/2020",,"GoldenWest Management, Inc","Deposit","X","Rental Income",60.00,16014.24
,"Check","12/05/2020",,"GoldenWest Management, Inc",,"X","Management Fees",-145.00,15869.24
,"Check","12/06/2020",,"Pablo Montiel","1828 Bright Leaf painting facial broad","X","Repairs and Maintenance",-800.00,15069.24
,"Check","12/28/2020",,"State Farm Fire and Casualty Company","1828 Bright Leaf","X","Insurance Expense",-564.00,14505.24
,"Check","12/29/2020",,"State Farm Fire and Casualty Company","10001 Fort Pike","X","Insurance Expense",-699.00,13806.24
,"Check","12/29/2020",,"MOUNTAINS EDGE MASTER ASSOCIATION","chk #545","X","Community Association Fee",-192.00,13614.24
,"Check","12/31/2020",,"Fortitude Professional Services","2019 tax","X","Professional Fees",-190.00,13424.24
,"Check","12/31/2020",,,,"X","Rental Income",-1113.80,12310.44
,"Check","12/31/2020",,,,"X","Office Supplies",-756.00,11554.44
,"Check","12/31/2020",,,,"X","Travel Expense",-2950.00,8604.44
,"Check","12/31/2020",,,,"X","Telephone Expense",-950.00,7654.44
,"General Journal","12/31/2020","7",,"Balance Adjustment","X","Reconciliation Discrepancies",7958.56,15613.00
,"Check","01/12/2021",,"REPUBLIC SERVICE",,"X","Utilities",-46.65,15566.35
,"Deposit","01/16/2021",,"GoldenWest Management, Inc","Deposit","X","Rental Income",1220.00,16786.35
,"Check","01/16/2021",,"GoldenWest Management, Inc",,"X","Management Fees",-115.00,16671.35
,"Check","01/16/2021",,"GoldenWest Management, Inc","1/2021 Semi Annual Record","X","Management Fees",-49.00,16622.35
,"Check","01/16/2021",,"GoldenWest Management, Inc","1/2021 Semi Anual Record","X","Management Fees",-49.00,16573.35
,"Check","01/16/2021",,"GoldenWest Management, Inc",,"X","Management Fees",-145.00,16428.35
,"Deposit","01/16/2021",,"GoldenWest Management, Inc","Deposit","X","Rental Income",1795.00,18223.35
,"Deposit","01/16/2021",,"GoldenWest Management, Inc","Deposit","X","Rental Income",35.00,18258.35
,"Check","01/22/2021",,"Nature by Design LLC","470+35","X","Repairs and Maintenance",-505.00,17753.35
,"Deposit","02/04/2021",,"GoldenWest Management, Inc","Deposit","X","Rental Income",1220.00,18973.35
,"Check","02/04/2021",,"GoldenWest Management, Inc",,"X","Management Fees",-115.00,18858.35
,"Deposit","02/04/2021",,"GoldenWest Management, Inc","Deposit","X","Rental Income",1795.00,20653.35
,"Deposit","02/04/2021",,"GoldenWest Management, Inc","Deposit","X","Rental Income",35.00,20688.35
,"Check","02/04/2021",,"GoldenWest Management, Inc",,"X","Management Fees",-145.00,20543.35
,"Check","02/05/2021",,"Number One Plumbing Heating & Air","85+35","X","Repairs and Maintenance",-120.00,20423.35
,"Check","03/01/2021",,"GoldenWest Management, Inc",,"X","Management Fees",-115.00,20308.35
,"Check","03/01/2021",,"GoldenWest Management, Inc",,"X","Management Fees",-145.00,20163.35
,"Deposit","03/01/2021",,"GoldenWest Management, Inc","Deposit","X","Rental Income",1220.00,21383.35
,"Deposit","03/01/2021",,"GoldenWest Management, Inc","Deposit","X","Rental Income",1795.00,23178.35
,"Deposit","03/01/2021",,"GoldenWest Management, Inc","Deposit","X","Rental Income",35.00,23213.35
,"Check","03/01/2021",,"PRIORTY APPLIANCES","Port Pike new DISHWASHER $528.20+35=563.20","X","Repairs and Maintenance",-563.20,22650.15
,"Check","03/01/2021",,"Nature by Design LLC","Fort Pike TREE TRIMMING $230+35","X","Repairs and Maintenance",-265.00,22385.15
,"Check","03/09/2021",,"Number One Plumbing Heating & Air","Fort Pike $167.39+35","X","Repairs and Maintenance",-202.39,22182.76
,"Check","03/09/2021",,"Gutierrez Handyman Services",,"X","Repairs and Maintenance",-25.00,22157.76
,"Check","03/15/2021",,"GoldenWest Management, Inc","HOA COORDINATION","X","Management Fees",-5.00,22152.76
,"Check","03/23/2021",,"ELDORADO THIRD CA","check #549 3/2021","X","Community Association Fee",-69.00,22083.76
,"Check","03/23/2021",,"MOUNTAINS EDGE MASTER ASSOCIATION","check #548 3/2021","X","Community Association Fee",-192.00,21891.76
,"Check","04/01/2021",,"GoldenWest Management, Inc",,"X","Management Fees",-115.00,21776.76
,"Check","04/01/2021",,"GoldenWest Management, Inc",,"X","Management Fees",-145.00,21631.76
,"Deposit","04/01/2021",,"GoldenWest Management, Inc","Deposit","X","Rental Income",1220.00,22851.76
,"Deposit","04/01/2021",,"GoldenWest Management, Inc","Deposit","X","Rental Income",1795.00,24646.76
,"Deposit","04/01/2021",,"GoldenWest Management, Inc","Deposit","X","Rental Income",35.00,24681.76
,"Check","04/01/2021",,"PRIORTY APPLIANCES","Fort Pike new GE 30"" GAS RANGE $773.34+35","X","Repairs and Maintenance",-808.34,23873.42
,"Check","04/09/2021",,"FRANCHISE TAX BOARD",,"X","LLC Tax",-800.00,23073.42
,"Check","04/12/2021",,"REPUBLIC SERVICE","pay gift card","X","Utilities",-46.65,23026.77
,"Check","05/03/2021",,"GoldenWest Management, Inc",,"X","Management Fees",-145.00,22881.77
,"Check","05/03/2021",,"GoldenWest Management, Inc",,"X","Management Fees",-115.00,22766.77
,"Deposit","05/03/2021",,"GoldenWest Management, Inc","Deposit","X","Rental Income",1220.00,23986.77
,"Check","05/03/2021",,"AMERICAN HOME MECHANICAL LLC.","Bright Leaf Turn Up AC","X","Repairs and Maintenance",-85.00,23901.77
,"Deposit","05/03/2021",,"GoldenWest Management, Inc","Deposit","X","Rental Income",1795.00,25696.77
,"Deposit","05/03/2021",,"GoldenWest Management, Inc","Deposit","X","Rental Income",35.00,25731.77
,"Check","05/04/2021",,"Fortitude Professional Services","2020 tax","X","Professional Fees",-210.00,25521.77
,"Check","05/20/2021",,"ADAMIK ELECTRIC","Fort Pike 150+35","X","Repairs and Maintenance",-185.00,25336.77
,"Deposit","06/03/2021",,"GoldenWest Management, Inc","Deposit","X","Rental Income",1220.00,26556.77
,"Deposit","06/03/2021",,"GoldenWest Management, Inc","Deposit","X","Rental Income",1795.00,28351.77
,"Deposit","06/03/2021",,"GoldenWest Management, Inc","Deposit","X","Rental Income",35.00,28386.77
,"Check","06/03/2021",,"GoldenWest Management, Inc",,"X","Management Fees",-115.00,28271.77
,"Check","06/03/2021",,"GoldenWest Management, Inc",,"X","Management Fees",-145.00,28126.77
,"Check","06/03/2021",,"AMERICAN HOME MECHANICAL LLC.","Fort Pike Turn Up AC","X","Repairs and Maintenance",-140.00,27986.77
,"Check","06/22/2021",,"MOUNTAINS EDGE MASTER ASSOCIATION","Check # 583 6/2021","X","Community Association Fee",-192.00,27794.77
,"Check","06/22/2021",,"GoldenWest Management, Inc","Bright Leaf Semi annual record fee","X","Management Fees",-49.00,27745.77
,"Check","06/22/2021",,"GoldenWest Management, Inc","Fort Pike Semi Annual record fee","X","Management Fees",-49.00,27696.77
,"Check","06/22/2021",,"ELDORADO THIRD CA","chase chk #584","X","Community Association Fee",-69.00,27627.77
,"Check","06/25/2021",,"AMERICAN HOME MECHANICAL LLC.","Fort Pike Service call","X","Repairs and Maintenance",-110.00,27517.77
,"Deposit","07/01/2021",,"GoldenWest Management, Inc","Deposit","X","Rental Income",1220.00,28737.77
,"Check","07/01/2021",,"GoldenWest Management, Inc",,"X","Management Fees",-115.00,28622.77
,"Check","07/01/2021",,"GoldenWest Management, Inc","Renewal Fee","X","Management Fees",-150.00,28472.77
,"Deposit","07/01/2021",,"GoldenWest Management, Inc","Deposit","X","Rental Income",1795.00,30267.77
,"Deposit","07/01/2021",,"GoldenWest Management, Inc","Deposit","X","Rental Income",35.00,30302.77
,"Check","07/01/2021",,"GoldenWest Management, Inc",,"X","Management Fees",-145.00,30157.77
,"Check","07/07/2021",,"Clark County Water Reclamation","yen sapphire 7946","X","Utilities",-243.84,29913.93
,"Check","07/10/2021",,"REPUBLIC SERVICE","gift card #9608","X","Utilities",-47.25,29866.68
,"Check","07/15/2021",,"AMERICAN HOME MECHANICAL LLC.","75+35","X","Repairs and Maintenance",-105.00,29761.68
,"Check","07/25/2021",,"Clark County Treasures","2021","X","Property Tax",-1388.96,28372.72
,"Check","07/25/2021",,"Clark County Treasures","2021","X","Property Tax",-2530.70,25842.02
,"Deposit","08/04/2021",,"GoldenWest Management, Inc","Deposit","X","Rental Income",1795.00,27637.02
,"Deposit","08/04/2021",,"GoldenWest Management, Inc","Deposit","X","Rental Income",35.00,27672.02
,"Check","08/04/2021",,"GoldenWest Management, Inc",,"X","Management Fees",-145.00,27527.02
,"Deposit","08/05/2021",,"GoldenWest Management, Inc","Deposit","X","Rental Income",1280.00,28807.02
,"Check","08/05/2021",,"GoldenWest Management, Inc","Bright Leaf","X","Management Fees",-115.00,28692.02
,"Check","08/14/2021",,"Simply Air Conditioning & Heating","Dual Run Capacitator for Fort Pike","X","Repairs and Maintenance",-230.00,28462.02
,"Deposit","09/02/2021",,"GoldenWest Management, Inc","Deposit","X","Rental Income",1280.00,29742.02
,"Check","09/02/2021",,"GoldenWest Management, Inc",,"X","Management Fees",-115.00,29627.02
,"Check","09/02/2021",,"GoldenWest Management, Inc",,"X","Management Fees",-145.00,29482.02
,"Deposit","09/02/2021",,"GoldenWest Management, Inc","Deposit","X","Rental Income",1795.00,31277.02
,"Deposit","09/02/2021",,"GoldenWest Management, Inc","Deposit","X","Rental Income",35.00,31312.02
,"Check","09/02/2021",,"PRIORTY APPLIANCES","348.77+35","X","Repairs and Maintenance",-383.77,30928.25
,"Check","10/01/2021",,"MOUNTAINS EDGE MASTER ASSOCIATION","chk #590","X","Community Association Fee",-192.00,30736.25
,"Check","10/01/2021",,"ELDORADO THIRD CA","chk #589","X","Community Association Fee",-69.00,30667.25
,"Check","10/01/2021",,"GoldenWest Management, Inc",,"X","Management Fees",-115.00,30552.25
,"Deposit","10/01/2021",,"GoldenWest Management, Inc","Deposit","X","Rental Income",1280.00,31832.25
,"Check","10/01/2021",,"SANITYZ-IT","250+35","X","Repairs and Maintenance",-285.00,31547.25
,"Check","10/05/2021",,"AMERICAN HOME MECHANICAL LLC.","75+35","X","Repairs and Maintenance",-110.00,31437.25
,"Check","10/05/2021",,"GoldenWest Management, Inc",,"X","Management Fees",-145.00,31292.25
,"Check","10/05/2021",,"GoldenWest Management, Inc",,"X","Insurance Expense",-9.50,31282.75
,"Check","10/10/2021",,"REPUBLIC SERVICE","4 qtr paid visa","X","Utilities",-47.25,31235.50
,"Check","10/17/2021",,"NV ENERGY",,"X","Utilities",-12.07,31223.43
,"Check","10/21/2021",,"Number One Plumbing Heating & Air","85+35","X","Repairs and Maintenance",-120.00,31103.43
,"Check","10/23/2021",,"Las Vegas Valley Water District","visa","X","Utilities",-14.90,31088.53
,"Deposit","11/02/2021",,"GoldenWest Management, Inc","Deposit","X","Rental Income",2077.37,33165.90
,"Deposit","11/02/2021",,"GoldenWest Management, Inc","Deposit","X","Rental Income",33.83,33199.73
,"Transfer","11/03/2021",,,"Funds Transfer","X","cash",-20000.00,13199.73
,"Transfer","11/03/2021",,,"Funds Transfer","X","cash",-5000.00,8199.73
,"Deposit","11/05/2021",,"GoldenWest Management, Inc","Deposit","X","Rental Income",1280.00,9479.73
,"Check","11/05/2021",,"GoldenWest Management, Inc",,"X","Management Fees",-115.00,9364.73
,"Deposit","11/05/2021",,"SANITYZ-IT","tenant reimbursement","X","Repairs and Maintenance",250.00,9614.73
,"Check","11/05/2021",,"GoldenWest Management, Inc",,"X","Management Fees",-1074.50,8540.23
,"Check","11/05/2021",,"GoldenWest Management, Inc",,"X","Management Fees",-175.00,8365.23
,"Deposit","11/08/2021",,"GoldenWest Management, Inc","Deposit","X","Repairs and Maintenance",35.00,8400.23
,"Check","11/10/2021",,"GoldenWest Management, Inc","Zillow Ad","X","Management Fees",-78.00,8322.23
,"Check","11/13/2021",,"NV ENERGY",,"X","Utilities",-31.46,8290.77
,"Check","11/15/2021",,"Las Vegas Valley Water District","credit card","X","Utilities",-19.60,8271.17
,"Check","11/23/2021",,"Simply Air Conditioning & Heating","79+35","X","Repairs and Maintenance",-114.00,8157.17
,"Deposit","11/24/2021",,"GoldenWest Management, Inc","Deposit","X","Management Fees",574.50,8731.67
,"Deposit","12/03/2021",,"GoldenWest Management, Inc","Deposit","X","Rental Income",1280.00,10011.67
,"Check","12/03/2021",,"GoldenWest Management, Inc",,"X","Management Fees",-115.00,9896.67
,"Deposit","12/03/2021",,"GoldenWest Management, Inc","Deposit","X","Rental Income",2045.96,11942.63
,"Deposit","12/03/2021",,"GoldenWest Management, Inc","Deposit","X","Rental Income",35.00,11977.63
,"Check","12/03/2021",,"Anytime Garage Door","45+35","X","Repairs and Maintenance",-80.00,11897.63
,"Check","12/03/2021",,"SANITYZ-IT","340+35","X","Repairs and Maintenance",-375.00,11522.63
,"Check","12/03/2021",,"GoldenWest Management, Inc",,"X","Management Fees",-175.00,11347.63
,"Check","12/03/2021",,"Wiley Service","300+35","X","Repairs and Maintenance",-335.00,11012.63
,"Check","12/03/2021",,"GoldenWest Management, Inc","Zillow Group Ad Fee","X","Management Fees",-12.00,11000.63
,"Check","12/12/2021",,"ELDORADO THIRD CA","chase chk #593","X","Community Association Fee",-69.00,10931.63
,"Check","12/14/2021",,"State Farm Fire and Casualty Company","1828 bright leaf","X","Insurance Expense",-613.00,10318.63
,"Check","12/27/2021",,"State Farm Fire and Casualty Company","10001 fort pike","X","Insurance Expense",-783.00,9535.63
,"Check","12/31/2021",,"MOUNTAINS EDGE MASTER ASSOCIATION","chase chk #594","X","Community Association Fee",-192.00,9343.63
,"Deposit","12/31/2021",,,"adjust","X","Rental Income",919.30,10262.93
,"Check","12/31/2021",,,,"X","Telephone Expense",-2420.00,7842.93
,"Check","12/31/2021",,,,"X","Travel Expense",-3370.00,4472.93
,"Check","12/31/2021",,,,"X","Office Supplies",-1620.00,2852.93
,"General Journal","12/31/2021","11",,"Balance Adjustment","X","Reconciliation Discrepancies",8761.89,11614.82
,"Deposit","01/03/2022",,"GoldenWest Management, Inc","Deposit","X","Rental Income",1280.00,12894.82
,"Deposit","01/03/2022",,"GoldenWest Management, Inc","Deposit","X","Rental Income",2149.00,15043.82
,"Deposit","01/03/2022",,"GoldenWest Management, Inc","Deposit","X","Rental Income",35.00,15078.82
,"Check","01/05/2022",,"GoldenWest Management, Inc",,"X","Management Fees",-115.00,14963.82
,"Check","01/05/2022",,"GoldenWest Management, Inc",,"X","Management Fees",-175.00,14788.82
,"Check","01/05/2022",,"GoldenWest Management, Inc","Bright Leaf Semi-Annual Records and Retention","X","Management Fees",-49.00,14739.82
,"Check","01/05/2022",,"GoldenWest Management, Inc","Fort Pike Semi-Annual Records and Retention","X","Management Fees",-49.00,14690.82
,"Check","01/05/2022",,"Number One Plumbing Heating & Air","Fort Pike plumbing 127.50+35","X","Repairs and Maintenance",-162.50,14528.32
,"Check","01/11/2022",,"REPUBLIC SERVICE","1st paid gift card","X","Utilities",-47.25,14481.07
,"Check","02/01/2022",,"GoldenWest Management, Inc",,"X","Management Fees",-115.00,14366.07
,"Deposit","02/01/2022",,"GoldenWest Management, Inc","Deposit","X","Rental Income",1280.00,15646.07
,"Check","02/01/2022",,"GoldenWest Management, Inc",,"X","Management Fees",-175.00,15471.07
,"Deposit","02/01/2022",,"GoldenWest Management, Inc","Deposit","X","Rental Income",2149.00,17620.07
,"Check","02/01/2022",,"Number One Plumbing Heating & Air","135+35","X","Repairs and Maintenance",-170.00,17450.07
,"Check","02/01/2022",,"Number One Plumbing Heating & Air","458.79+35","X","Repairs and Maintenance",-493.79,16956.28
,"Deposit","02/01/2022",,"GoldenWest Management, Inc","Deposit","X","Rental Income",35.00,16991.28
,"Transfer","02/03/2022",,,"pay jy loan","X","cash",-10000.00,6991.28
,"Deposit","02/09/2022",,,"reimbursement","X","Repairs and Maintenance",35.00,7026.28
,"Check","02/10/2022",,,"Legal Expenses","X","Professional Fees",-50.00,6976.28
,"Check","02/25/2022",,"Number One Plumbing Heating & Air",,"X","Repairs and Maintenance",-35.00,6941.28
,"Check","03/01/2022",,"GoldenWest Management, Inc",,"X","Management Fees",-175.00,6766.28
,"Check","03/01/2022",,"GoldenWest Management, Inc",,"X","Management Fees",-115.00,6651.28
,"Deposit","03/01/2022",,"GoldenWest Management, Inc","Deposit","X","Rental Income",2149.00,8800.28
,"Deposit","03/01/2022",,"GoldenWest Management, Inc","Deposit","X","Rental Income",35.00,8835.28
,"Deposit","03/01/2022",,"GoldenWest Management, Inc","Deposit","X","Rental Income",1280.00,10115.28
,"Deposit","03/01/2022",,,"Legal Expenses Credit","X","Professional Fees",50.00,10165.28
,"Check","03/01/2022",,"Number One Plumbing Heating & Air","379.30","X","Repairs and Maintenance",-379.30,9785.98
,"Check","03/20/2022",,"FRANCHISE TAX BOARD","2022 LLC Tax","X","LLC Tax",-800.00,8985.98
,"Check","03/30/2022",,"GoldenWest Management, Inc","DO NOT KNOW ???????","X","Management Fees",-420.00,8565.98
,"Check","04/04/2022",,"GoldenWest Management, Inc",,"X","Management Fees",-115.00,8450.98
,"Check","04/04/2022",,"GoldenWest Management, Inc",,"X","Management Fees",-175.00,8275.98
,"Deposit","04/04/2022",,"GoldenWest Management, Inc","Deposit","X","Rental Income",1280.00,9555.98
,"Deposit","04/04/2022",,"GoldenWest Management, Inc","Deposit","X","Rental Income",2149.00,11704.98
,"Deposit","04/04/2022",,"GoldenWest Management, Inc","Deposit","X","Rental Income",35.00,11739.98
,"Check","04/08/2022",,"REPUBLIC SERVICE","2nd paid gift card",,"Utilities",-47.25,11692.73
,"Check","04/23/2022",,"Simply Air Conditioning & Heating","565","X","Repairs and Maintenance",-565.00,11127.73
,"Check","04/29/2022",,,"new refrigerator from costco",,"Repairs and Maintenance",-1408.87,9718.86
,"Deposit","04/29/2022",,"GoldenWest Management, Inc","CREDIT","X","Management Fees",420.00,10138.86
,"Check","05/04/2022",,"GoldenWest Management, Inc",,"X","Management Fees",-115.00,10023.86
,"Deposit","05/04/2022",,"GoldenWest Management, Inc","Deposit","X","Rental Income",1280.00,11303.86
,"Check","05/04/2022",,"Nature by Design LLC","will pay by tennan? Tree Trimming","X","Repairs and Maintenance",-455.00,10848.86
,"Check","05/04/2022",,"GoldenWest Management, Inc",,"X","Management Fees",-175.00,10673.86
,"Deposit","05/04/2022",,"GoldenWest Management, Inc","Deposit","X","Rental Income",2149.00,12822.86
,"Deposit","05/04/2022",,"GoldenWest Management, Inc","Deposit","X","Rental Income",35.00,12857.86
,"Check","05/05/2022",,"Simply Air Conditioning & Heating","565+35","X","Repairs and Maintenance",-35.00,12822.86
,"Check","05/09/2022",,"Secretary of State","state filling",,"Professional Fees",-20.00,12802.86
,"Check","05/24/2022",,"Controlled Comfort","85+35 HVAC","X","Repairs and Maintenance",-120.00,12682.86
,"Check","06/01/2022",,"GoldenWest Management, Inc",,"X","Management Fees",-115.00,12567.86
,"Deposit","06/01/2022",,"GoldenWest Management, Inc","Deposit","X","Rental Income",1280.00,13847.86
,"Deposit","06/01/2022",,,"reimbursement by tenna Tree Trimming","X","Repairs and Maintenance",455.00,14302.86
,"Deposit","06/01/2022",,,"reimbursement by tenna HVAC","X","Repairs and Maintenance",120.00,14422.86
,"Check","06/01/2022",,"Ruiz LV Home repairs","200+35","X","Repairs and Maintenance",-235.00,14187.86
,"Deposit","06/01/2022",,"GoldenWest Management, Inc","Deposit","X","Rental Income",2149.00,16336.86
,"Deposit","06/01/2022",,"GoldenWest Management, Inc","Deposit","X","Rental Income",35.00,16371.86
,"Check","06/01/2022",,"GoldenWest Management, Inc",,"X","Management Fees",-175.00,16196.86
,"Check","06/09/2022",,"Controlled Comfort","85+35 HVAC","X","Repairs and Maintenance",-120.00,16076.86
,"Check","06/09/2022",,"PRIORTY APPLIANCES","158+35","X","Repairs and Maintenance",-193.76,15883.10
,"Check","06/09/2022",,"Simply Air Conditioning & Heating","4595-565=4030+10%+35","X","Repairs and Maintenance",-4468.00,11415.10
,"Check","06/09/2022",,"GoldenWest Management, Inc","RECORDS","X","Management Fees",-49.00,11366.10
,"Check","06/21/2022",,,"7 day note","X","Professional Fees",-60.00,11306.10
,"Check","06/21/2022",,"GoldenWest Management, Inc","semi annual record","X","Management Fees",-49.00,11257.10
,"Check","06/26/2022",,"ELDORADO THIRD CA","chase #640",,"Community Association Fee",-69.00,11188.10
,"Check","06/26/2022",,"MOUNTAINS EDGE MASTER ASSOCIATION","chase #603",,"Community Association Fee",-192.00,10996.10
,"Check","07/04/2022",,"GoldenWest Management, Inc",,"X","Management Fees",-115.00,10881.10
,"Deposit","07/04/2022",,"GoldenWest Management, Inc","Deposit","X","Rental Income",1280.00,12161.10
,"Check","07/04/2022",,"GoldenWest Management, Inc",,"X","Management Fees",-175.00,11986.10
,"Deposit","07/04/2022",,"GoldenWest Management, Inc","Deposit","X","Rental Income",2149.00,14135.10
,"Deposit","07/04/2022",,"GoldenWest Management, Inc","Deposit","X","Rental Income",35.00,14170.10
,"Deposit","07/05/2022",,,"7 day note","X","Professional Fees",60.00,14230.10
,"Check","07/09/2022",,"Clark County Water Reclamation","paid gift card 100+162.44",,"Utilities",-262.44,13967.66
,"Check","07/13/2022",,"REPUBLIC SERVICE",,,"Utilities",-48.87,13918.79
,"Check","07/25/2022",,"Clark County Treasures",,"X","Property Tax",-2792.78,11126.01
,"Check","07/25/2022",,"Clark County Treasures",,"X","Property Tax",-1532.70,9593.31
,"Deposit","08/02/2022",,"GoldenWest Management, Inc","Deposit","X","Rental Income",1400.00,10993.31
,"Check","08/02/2022",,"GoldenWest Management, Inc",,"X","Management Fees",-115.00,10878.31
,"Deposit","08/02/2022",,"GoldenWest Management, Inc","Deposit","X","Rental Income",2149.00,13027.31
,"Deposit","08/02/2022",,"GoldenWest Management, Inc","Deposit","X","Rental Income",35.00,13062.31
,"Check","08/02/2022",,"GoldenWest Management, Inc",,"X","Management Fees",-175.00,12887.31
,"Check","08/15/2022",,"GoldenWest Management, Inc","renew bright leaf",,"Management Fees",-150.00,12737.31
,"Deposit","08/16/2022",,"GoldenWest Management, Inc","credit","X","Management Fees",175.00,12912.31
,"Transfer","09/06/2022",,,"Funds Transfer",,"cash",-10000.00,2912.31
,"Check","09/11/2022",,"ELDORADO THIRD CA","chk #610",,"Community Association Fee",-69.00,2843.31
,"Check","09/11/2022",,"MOUNTAINS EDGE MASTER ASSOCIATION","chk #551",,"Community Association Fee",-192.00,2651.31
"Total CHASE",,,,,,,,2651.31,2651.31
"TOTAL",,,,,,,,2651.31,2651.31
